@misc{kolosov_spline_approximation2025,
    author = {Petro Kolosov},
    title = {An Efficient Method of Spline Approximation},
    year = {2025},
    journal = {{GitHub preprint}},
    note = {\url{https://kolosovpetro.github.io/pdf/AnEfficientMethodOfSplineApproximation.pdf}}
}
